@Article{CC90,
  author =       "E. J. Chikofsky and J. H. Cross",
  title =        "Reverse Engineering and Design Recovery: A Taxonomy",
  journal =      "IEEE Software",
  year =         1990,
  volume =       7,
  number =       1,
  pages =        "13--17",
  publisher =    "IEEE Computer Society Press",
}

@book{Whe95,
  author =	 "Colin Wheildon",
  title =	 "Type \& Layout",
  publisher =	 "Strathmore Press",
  note =	 "(ISBN 0 9624891 5 8)",
  year =	 1995,
}


%%%%%%%%%%%%%%%%%%%%%%%%%%%%%%%%%%%%%%%%%%%%%%%%%%%%%%%%%%%%%
% COMPILER FUZZING
%%%%%%%%%%%%%%%%%%%%%%%%%%%%%%%%%%%%%%%%%%%%%%%%%%%%%%%%%%%%%

@article{marcozzi2019compiler,
  title={Compiler fuzzing: How much does it matter?},
  author={Marcozzi, Micha{\"e}l and Tang, Qiyi and Donaldson, Alastair F and Cadar, Cristian},
  journal={Proceedings of the ACM on Programming Languages},
  volume={3},
  number={OOPSLA},
  pages={1--29},
  year={2019},
  publisher={ACM New York, NY, USA}
}

% https://ieeexplore.ieee.org/stamp/stamp.jsp?arnumber=7804063

@inproceedings{nakamura2016random,
  title={Random testing of C compilers based on test program generation by equivalence transformation},
  author={Nakamura, Kazuhiro and Ishiura, Nagisa},
  booktitle={2016 IEEE Asia Pacific Conference on Circuits and Systems (APCCAS)},
  pages={676--679},
  year={2016},
  organization={IEEE}
}

% https://ieeexplore.ieee.org/stamp/stamp.jsp?arnumber=7804063

@inproceedings{sun2016toward,
  title={Toward understanding compiler bugs in GCC and LLVM},
  author={Sun, Chengnian and Le, Vu and Zhang, Qirun and Su, Zhendong},
  booktitle={Proceedings of the 25th International Symposium on Software Testing and Analysis},
  pages={294--305},
  year={2016}
}

https://dl.acm.org/doi/pdf/10.1145/2931037.2931074

@inproceedings{chen2016coverage,
  title={Coverage-directed differential testing of JVM implementations},
  author={Chen, Yuting and Su, Ting and Sun, Chengnian and Su, Zhendong and Zhao, Jianjun},
  booktitle={proceedings of the 37th ACM SIGPLAN Conference on Programming Language Design and Implementation},
  pages={85--99},
  year={2016}
}

% https://dl.acm.org/doi/pdf/10.1145/2908080.2908095

@article{livinskii2020random,
  title={Random testing for C and C++ compilers with YARPGen},
  author={Livinskii, Vsevolod and Babokin, Dmitry and Regehr, John},
  journal={Proceedings of the ACM on Programming Languages},
  volume={4},
  number={OOPSLA},
  pages={1--25},
  year={2020},
  publisher={ACM New York, NY, USA}
}

% https://raw.githubusercontent.com/intel/yarpgen/main/papers/yarpgen-ooplsa-2020.pdf

@article{le2014compiler,
  title={Compiler validation via equivalence modulo inputs},
  author={Le, Vu and Afshari, Mehrdad and Su, Zhendong},
  journal={ACM Sigplan Notices},
  volume={49},
  number={6},
  pages={216--226},
  year={2014},
  publisher={ACM New York, NY, USA}
}

% https://dl.acm.org/doi/pdf/10.1145/2666356.2594334

@article{nagai2014reinforcing,
  title={Reinforcing random testing of arithmetic optimization of C compilers by scaling up size and number of expressions},
  author={Nagai, Eriko and Hashimoto, Atsushi and Ishiura, Nagisa},
  journal={IPSJ Transactions on System LSI Design Methodology},
  volume={7},
  pages={91--100},
  year={2014},
  publisher={Information Processing Society of Japan}
}

% https://www.jstage.jst.go.jp/article/ipsjtsldm/7/0/7_91/_pdf

@inproceedings{yang2011finding,
  title={Finding and understanding bugs in C compilers},
  author={Yang, Xuejun and Chen, Yang and Eide, Eric and Regehr, John},
  booktitle={Proceedings of the 32nd ACM SIGPLAN conference on Programming language design and implementation},
  pages={283--294},
  year={2011}
}


% https://dl.acm.org/doi/pdf/10.1145/1993498.1993532